@misc{lee2025distributedconsensusalgorithmprioritizing,
      title={A Distributed Consensus Algorithm for Prioritizing Autonomous Vehicle Passing at Unsignalized Intersections under Mixed Traffic}, 
      author={Younjeong Lee and Young Yoon},
      year={2025},
      eprint={2507.03486},
      archivePrefix={arXiv},
      primaryClass={cs.DC},
      url={https://arxiv.org/abs/2507.03486}, 
}


@inproceedings{inproceedings,
author = {Middlesworth, Mark and Dresner, Kurt and Stone, Peter},
year = {2008},
month = {01},
pages = {1413-1416},
title = {Replacing the stop sign: unmanaged intersection control for autonomous vehicles.},
doi = {10.1145/1402821.1402886}
}